% This file was created with JabRef 2.8.
% Encoding: UTF8

@article{reyes,
  title={An{\'a}lisis documental de las ventajas de la impresi{\'o}n 3D/Documentary analysis of the advantages of 3D printing},
  author={Reyes, Leydy G{\'o}mez},
  journal={RECI Revista Iberoamericana de las Ciencias Computacionales e Inform{\'a}tica},
  volume={6},
  number={11},
  pages={1--12},
  year={2017}
}

%@article{moleon,
%  title={3DO!, hazlo en 3D: Plan de negocio de impresi{\'o}n en 3D=[3D printing business plan]},
%  author={Mole{\'o}n Rodr{\'\i}guez, Francisco Javier and others},
%  year={2018}
%}
%
%@article{muller,
%  title={An architecture for hybrid manufacturing combining 3D printing and CNC machining},
%  author={M{\"u}ller, Marcel and Wings, Elmar},
%  journal={International Journal of Manufacturing Engineering},
%  volume={2016},
%  pages={10},
%  year={2016},
%  publisher={Hindawi}
%}
%
%@article{rodriguez,
%  title={Avances en el desarrollo de un sistema de manufactura aditiva basado en STEP-NC},
%  author={Rodriguez, E and Bonnard, R and Alvares, A},
%  pages={50},
%  year={2018},
%  publisher={Federal Center of Technological Education Celso Suckow da Fonseca}
%}
%
%
%@article{patel2019novel,
%  title={A NOVEL INTEGRATION OF LASER ENGRAVER AND 3D PRINTER},
%  author={Patel, Jeet and Gondaliya, Bhavantik and Patel, Nairutya and Patel, Ajay M},
%  pages={2830},
%  year={2019}
%}
%
%
%@book{18,
%  title={Programming and customizing the PIC microcontroller},
%  author={Predko, Michael},
%  year={2008},
%  publisher={McGraw-Hill New York, NY}
%}
%
%
%
%
%@book{casillas,
%  title={M{\'a}quinas: c{\'a}lculos de taller},
%  author={Casillas, Arcadio L{\'o}pez},
%  year={1977}
%}
%
%@article{mutis,
%  title={DISE{\~N}O E IMPLEMENTACI{\'O}N DE UN CONTROL CNC PARA CREAR MODELOS Y ESCULTURAS EN TERCERA DIMENSI{\'O}N A PARTIR DE UN DISE{\~N}O CAD},
%  author={MUTIS, IV{\'A}N CAMILO GARCIA and L{\'O}PEZ, JUAN GABRIEL LAGOS and P{\'E}REZ, LUIS FERNANDO URREGO and PARRA, PETER YESID DELGADO},
%  journal={Universidad de San Buenaventura, Bogot{\'a}},
%  year={2009}
%}
%
%@article{heinze,
%  title={Impresi{\'o}n 3D y sus beneficios en el campo de la educaci{\'o}n m{\'e}dica, entrenamiento y asesor{\'\i}a del paciente.},
%  author={Heinze, Alexander and Basulto-Martinez, Mario and Su{\'a}rez-Ibarrola, Rodrigo and others},
%  journal={Revista Espa{\~n}ola de Educaci{\'o}n M{\'e}dica},
%  volume={1},
%  number={1},
%  pages={1--8},
%  year={2020}
%}
%
%
%@article {chen,
%  title = {Aplicaciones actuales de la impresión tridimensional en urología},
%  author = {Chen, Michael Y y Skewes, Jacob y Desselle, Mathilde y Wong, Cynthia y Woodruff, Maria A y Dasgupta, Prokar y Rukin, Nicholas J},
%  journal = {BJU international},
%  volumen = {125},
%  number = {1},
%  pages = {17--27},
%  year = {2020},
%  publisher = {Wiley Online Library}
%}
%
%@mastersthesis{tinoco,
%  title={Dise{\~n}o e implementaci{\'o}n de un sistema dom{\'o}tico basado en iot},
%  author={Tinoco Alejandro, Cristhian Alexander},
%  type={{B.S.} thesis},
%  year={2020},
%  school={Machala: Universidad T{\"e}cnica de Machala}
%}
%
%@article{cristian,
%  title={Desarrollo de dispositivo IoT para monitoreo agr{\'\i}cola de bajo coste},
%  author={CRISTIAN, JAEL MEJIA AGUIRRE},
%  year={2020}
%}
%
%@article{carrascal,
%  title={Dise{\~n}o y estudio de dispositivos IoT integrados en entornos SDN},
%  author={Carrascal Acebr{\'o}n, David and others},
%  year={2020}
%}
%
%@article{blaquez,
%  title={Propuesta metodol{\'o}gica para la mejora del aprendizaje de los alumnos a trav{\'e}s de la utilizaci{\'o}n de las impresoras 3D como recurso educativo en el aprendizaje basado en proyectos},
%  author={Bl{\'a}zquez Tob{\'\i}as, Pedro J and Orcos Palma, Lara and Mainz Salvador, Jorge and S{\'a}ez Benito, David},
%  journal={Psicolog{\'\i}a, Conocimiento y Sociedad},
%  volume={8},
%  number={1},
%  pages={139--166},
%  year={2018},
%  publisher={Facultad de Psicolog{\'\i}a. Universidad de la Rep{\'u}blica}
%}
%
%@book{berchon,
%  title={La impresi{\'o}n 3D},
%  author={Berchon, Mathilde and Luyt, Bertier},
%  year={2016},
%  publisher={Editorial Gustavo Gili}
%}
%
%@article{alvarez,
%  title={Influencia del porcentaje de relleno en la resistencia mec{\'a}nica en impresi{\'o}n 3D, por medio del m{\'e}todo de Modelado por Deposici{\'o}n Fundida (FDM)},
%  author={Alvarez, Kenny L and Lagos, Rodrigo F and Aizpun, Miguel},
%  journal={Ingeniare. Revista chilena de ingenier{\'\i}a},
%  volume={24},
%  number={ESPECIAL},
%  pages={17--24},
%  year={2016},
%  publisher={Universidad de Tarapac{\'a}}
%}
%
%@article{acuna,
%  title={Dise{\~n}o Y Construcci{\'o}n de Una Impresora 3D Auto-Replicable Controlada Inal{\'a}mbricamente Para El Prototipado de Piezas Pl{\'a}sticas, Mediante Software Libre},
%  author={Acu{\~n}a, Fausto and Rivas, David and Chancusi, Susana and Navarrete, Pa{\'u}l},
%  year={2014}
%}
%
%@article{fernandez,
%  title={Aprendizaje de la Dom{\'o}tica basado en pr{\'a}cticas experimentales y problemas},
%  author={Fern{\'a}ndez, Carlos Mor{\'o}n},
%  journal={Opci{\'o}n},
%  volume={32},
%  number={11},
%  pages={990--1003},
%  year={2016},
%  publisher={Universidad del Zulia}
%}
%
%@article{mp,
%  title={IoT based 3D Printer},
%  author={MP, Gujar and Shinde, Yogita and Madaki, Ruksar and Nadaf, Smina},
%  year={2019}
%}
%
%@article{diseno,
%  title={DISE{\~N}O DE UNA IMPRESORA 3D DE MEDIA Y ALTA TEMPERATURA},
%  author={Garc{\'\i}a, Natalia Peso},
%  year={2020}
%}
%
%@article{sainz,
%  title={Dise{\~n}o y construcci{\'o}n de una impresora 3D},
%  author={S{\'a}inz, Luis Bueno},
%  year={2020}
%}
%
%@article{rojas,
%  title={Caracterizaci{\'o}n de las propiedades mec{\'a}nicas a tensi{\'o}n y compresi{\'o}n de componentes polim{\'e}ricos porosos en polimetilmetacrilato mediante fabricaci{\'o}n por filamento fundido},
%  author={Rojas Lozano, Santiago Andr{\'e}s and others},
%  publisher={Universidad Santo Tom{\'a}s},
%  year={2020}
%}
%
%@article{laureto,
%  title={Anisotropic mechanical property variance between ASTM D638-14 type i and type iv fused filament fabricated specimens},
%  author={Laureto, John J and Pearce, Joshua M},
%  journal={Polymer Testing},
%  volume={68},
%  pages={294--301},
%  year={2018},
%  publisher={Elsevier}
%}